<?xml version="1.0" encoding="utf-8"?>
<record xmlns="http://www.loc.gov/MARC21/slim" xmlns:xsi="http://www.w3.org/2001/XMLSchema-instance" xsi:schemaLocation="http://www.loc.gov/MARC21/slim http://www.loc.gov/standards/marcxml/schema/MARC21slim.xsd">
	<leader>     nam a22     Mi 4500</leader>
	<controlfield tag="001">b12429454</controlfield>
	<controlfield tag="003">LeBAU</controlfield>
	<controlfield tag="006">m        d        </controlfield>
	<controlfield tag="007">cr cn |||m|||a</controlfield>
	<controlfield tag="008">200730s1932    ua      o       0   ara d</controlfield>
	<datafield ind1=" " ind2=" " tag="040">
		<subfield code="a">ZYU</subfield>
		<subfield code="b">ara</subfield>
		<subfield code="e">rda</subfield>
		<subfield code="c">ZYU</subfield>
	</datafield>
	<datafield ind1="0" ind2="4" tag="082">
		<subfield code="a">340.59</subfield>
		<subfield code="2">23</subfield>
	</datafield>
	<datafield ind1="0" ind2=" " tag="100">
		<subfield code="6">880-01</subfield>
		<subfield code="a">Muʻaẓẓam,</subfield>
		<subfield code="c">Sultan of Damascus,</subfield>
		<subfield code="d">1180-1227.</subfield>
		<subfield code="e">author.</subfield>
		<subfield code="0">https://lccn.loc.gov/nr93042701 ,</subfield>
	</datafield>
	<datafield ind1="1" ind2="0" tag="245">
		<subfield code="6">880-02</subfield>
		<subfield code="a">Kitāb al-Radd ʻalā Abī Bakr al-khaṭīb al-Baghdādī :</subfield>
		<subfield code="b">fīmā dhakara fī tarjamat al-imām sirāj al-ummah Abī Ḥanīfah al-Nuʻmān ibn Thābit /</subfield>
		<subfield code="c">lil-Sulṭān al-Malik al-Muʻaẓẓam Abī al-Muẓaffar ʻĪsá ibn al-Malik al-ʻĀdil Sayf al-Dīn Abī Bakr ibn Ayyūb al-Ḥanafī, al-mawlūd sanat 578 H. wa-al-mutawaffá sanat 624 H.</subfield>
	</datafield>
	<datafield ind1="3" ind2="0" tag="246">
		<subfield code="6">880-03</subfield>
		<subfield code="a">Radd ʻalā Abī Bakr al-khaṭīb al-Baghdādī :</subfield>
		<subfield code="b">fīmā dhakara fī tarjamat al-imām sirāj al-ummah Abī Ḥanīfah al-Nuʻmān ibn Thābit</subfield>
	</datafield>
	<datafield ind1=" " ind2=" " tag="250">
		<subfield code="6">880-04</subfield>
		<subfield code="a">al-Ṭabʻah al-ūlá.</subfield>
	</datafield>
	<datafield ind1=" " ind2="1" tag="264">
		<subfield code="6">880-05</subfield>
		<subfield code="a">Miṣr :</subfield>
		<subfield code="b">Maṭbaʻat al-Saʻādah,</subfield>
		<subfield code="c">1351 H. = 1932 M.</subfield>
	</datafield>
	<datafield ind1=" " ind2=" " tag="300">
		<subfield code="6">880-06</subfield>
		<subfield code="a">online resource (184 pages)</subfield>
	</datafield>
	<datafield ind1=" " ind2=" " tag="336">
		<subfield code="a">text</subfield>
		<subfield code="2">rdacontent</subfield>
	</datafield>
	<datafield ind1=" " ind2=" " tag="337">
		<subfield code="a">computer</subfield>
		<subfield code="2">rdamedia</subfield>
	</datafield>
	<datafield ind1=" " ind2=" " tag="338">
		<subfield code="a">online resource</subfield>
		<subfield code="2">rdacarrier</subfield>
	</datafield>
	<datafield ind1=" " ind2=" " tag="500">
		<subfield code="a">Part of the Arabic Collections Online (ACO) project, contributed by American University of Beirut's Jafet Memorial Library.</subfield>
	</datafield>
	<datafield ind1=" " ind2=" " tag="533">
		<subfield code="a">Electronic reproduction.</subfield>
		<subfield code="b">New York, N.Y. :</subfield>
		<subfield code="c">New York University,</subfield>
		<subfield code="d">2020.</subfield>
		<subfield code="5">NNU</subfield>
	</datafield>
	<datafield ind1="1" ind2="0" tag="600">
		<subfield code="6">880-07</subfield>
		<subfield code="a">Khaṭīb al-Baghdādī, Abū Bakr Aḥmad ibn ʻAlī,</subfield>
		<subfield code="d">1002-1071.</subfield>
		<subfield code="t">Tārīkh Baghdād.</subfield>
	</datafield>
	<datafield ind1="1" ind2="0" tag="600">
		<subfield code="6">880-08</subfield>
		<subfield code="a">Abū Ḥanīfah,</subfield>
		<subfield code="d">-767 or 768.</subfield>
	</datafield>
	<datafield ind1=" " ind2="0" tag="650">
		<subfield code="6">880-09</subfield>
		<subfield code="a">Islamic law.</subfield>
	</datafield>
	<datafield ind1="2" ind2=" " tag="710">
		<subfield code="a">Jafet Memorial Library.</subfield>
	</datafield>
	<datafield ind1="0" ind2=" " tag="730">
		<subfield code="a">Arabic Collections Online.</subfield>
	</datafield>
	<datafield ind1="0" ind2="8" tag="775">
		<subfield code="6">880-10</subfield>
		<subfield code="i">is reprinted as (manifestation) </subfield>
		<subfield code="a">Malik al-Muʻaẓẓam ʻĪsá Sharaf al-Dīn al-Ayyūbī, Sultan of Syria, 1180-1227.</subfield>
		<subfield code="t">al-Sahm al-muṣīb fī al-radd ʻalá al-Khaṭīb : fi</subfield>
		<subfield code="b">Ṭabʻah khāṣṣah li-Dār al-Nawādir.</subfield>
		<subfield code="d">Sūrīyah : Dār al-Nawādir, 1434 H. = 2013 M.</subfield>
		<subfield code="w">(LEAUB)b17700735</subfield>
	</datafield>
	<datafield ind1="0" ind2="8" tag="776">
		<subfield code="i">Print version:</subfield>
		<subfield code="a">Muʻaẓẓam, Sultan of Damascus, 1180-1227. author. https://lccn.loc.gov/nr93042701 ,</subfield>
		<subfield code="t">Kitāb al-Radd ʻalā Abī Bakr al-khaṭīb al-Baghdādī</subfield>
		<subfield code="w">(LeBAU)b12429454</subfield>
	</datafield>
	<datafield ind1="4" ind2="0" tag="856">
		<subfield code="u">http://hdl.handle.net/2333.1/3j9kdfss</subfield>
	</datafield>
	<datafield ind1="0" ind2=" " tag="880">
		<subfield code="6">100-01</subfield>
		<subfield code="a">المعظم،</subfield>
		<subfield code="c">سلطان دمشق،</subfield>
		<subfield code="d">1180-1227،</subfield>
		<subfield code="0">https://lccn.loc.gov/nr93042701 ,</subfield>
		<subfield code="e">مؤلف.</subfield>
		<subfield code="4">aut.</subfield>
	</datafield>
	<datafield ind1="1" ind2="0" tag="880">
		<subfield code="6">245-02</subfield>
		<subfield code="a">كتاب الرد على أبي بكر الخطيب البغدادي :</subfield>
		<subfield code="b">فيما ذكر في تاريخه في ترجمة الإمام سراج الأمة أبي حنيفة النعمان بن ثابت /</subfield>
		<subfield code="c">للسلطان الملك المعظم أبي المظفر عيسى إبن الملك العادل سيف الدين أبي بكر بن أيوب الحنفي، المولود سنة 578 هـ. والمتوفى سنة 624 هـ.</subfield>
	</datafield>
	<datafield ind1="3" ind2="0" tag="880">
		<subfield code="6">246-03</subfield>
		<subfield code="a">الرد على أبي بكر الخطيب البغدادي :</subfield>
		<subfield code="b">فيما ذكر في تاريخه في ترجمة الإمام سراج الأمة أبي حنيفة النعمان بن ثابت</subfield>
	</datafield>
	<datafield ind1=" " ind2=" " tag="880">
		<subfield code="6">250-04</subfield>
		<subfield code="a">الطبعة الأولى.</subfield>
	</datafield>
	<datafield ind1=" " ind2="1" tag="880">
		<subfield code="6">264-05</subfield>
		<subfield code="a">مصر :</subfield>
		<subfield code="b">مطبعة السعادة،</subfield>
		<subfield code="c">1351 هـ. = 1932 م.</subfield>
	</datafield>
	<datafield ind1=" " ind2=" " tag="880">
		<subfield code="6">300-06</subfield>
		<subfield code="a">184 صفحة ؛</subfield>
		<subfield code="c">24 سم</subfield>
	</datafield>
	<datafield ind1=" " ind2=" " tag="880">
		<subfield code="6">500-00</subfield>
		<subfield code="a">&quot;طبع هذا السفر الجليل عن النسخة الوحيدة المحفوظة بدار الكتب المصرية، فن التاريخ رقم 153 والمخطوطة سنة 623 هـجرية في حياة المؤلف.&quot;</subfield>
	</datafield>
	<datafield ind1="1" ind2="4" tag="880">
		<subfield code="6">600-07</subfield>
		<subfield code="a">الخطيب البغدادي، أبو بكر أحمد بن علي،</subfield>
		<subfield code="d">1002-1071.</subfield>
		<subfield code="t">تاريخ بغداد.</subfield>
	</datafield>
	<datafield ind1="0" ind2="4" tag="880">
		<subfield code="6">600-08</subfield>
		<subfield code="a">أبو حنيفة،</subfield>
		<subfield code="d">-767 او 768.</subfield>
	</datafield>
	<datafield ind1=" " ind2="4" tag="880">
		<subfield code="6">650-09</subfield>
		<subfield code="a">الفقه الاسلامي.</subfield>
	</datafield>
	<datafield ind1="0" ind2="8" tag="880">
		<subfield code="6">775-10</subfield>
		<subfield code="4">http://rdaregistry.info/Elements/m/P30038 :</subfield>
		<subfield code="a">اعيد إصداره ك (تجسيدة)</subfield>
		<subfield code="t">السهم المصيب في الرد على الخطيب : فيما ذكره في تاريخه عن الإمام أبي حنيفة النعمان. المعظم، سلطان دمشق</subfield>
		<subfield code="b">طبعة خاصة لدار النوادر.</subfield>
		<subfield code="d">سورية : دار النوادر، 1434 هـ. = 2013 م.</subfield>
		<subfield code="w">(LEAUB)b17700735</subfield>
	</datafield>
	<datafield ind1=" " ind2=" " tag="959">
		<subfield code="a">NNU</subfield>
		<subfield code="b">WEB</subfield>
		<subfield code="c">GENI</subfield>
		<subfield code="t">0</subfield>
		<subfield code="m">Electronic access</subfield>
		<subfield code="s">01</subfield>
	</datafield>
	<datafield ind1=" " ind2=" " tag="999">
		<subfield code="i">LeBAU_b12429454</subfield>
		<subfield code="s">aub_aco003796:</subfield>
		<subfield code="e">(ERROR-MISC)</subfield>
		<subfield code="s">aub_aco003796:</subfield>
	</datafield>
</record>
